1544 2584
488 176 623 206 »τοι-Ε
644 175 691 204 m
715 174 885 204 LIBRUM
918 173 979 203 lv.
1221 170 1305 206 273

151 285 252 327 nugis·
265 290 420 315 memorat
438 282 564 324 Xenopb.
583 287 605 312 K
630 282 673 311 Ἀ.
697 290 728 316 v,
745 291 775 321 p.
789 283 862 316 206,
879 282 929 309 83.
945 277 1223 316 Cazomeniorum,
1242 279 1309 310 He-

151 331 209 358 rod.
228 331 256 364 l,
270 338 295 358 c.
310 330 360 358 51.
405 325 617 367 Siphnffirum,
634 334 687 359 111,
702 334 727 354 c.
741 326 792 354 57.
815 321 1044 362 Sicyoniorum,
1068 321 1309 360 Thebanorum,

151 370 350 406 Cnidiorum,
374 370 646 409 Syracusanorum,
676 365 932 401 Potidaeatarum‚
958 366 1122 395 Pausanias
1142 373 1180 401 x,
1197 376 1232 396 c,
1247 369 1307 402 11..

150 413 239 455 cujus
254 424 323 444 aevo
337 411 415 443 nihil
429 412 461 442 in
477 411 524 441 his
538 417 605 440 erat
619 409 759 451 pecuniae
775 419 879 439 sacrae.
913 409 994 439 Haec
1009 407 1165 439 addantur
1178 409 1224 439 H.
1241 409 1308 440 Va-

148 457 214 487 lesio
229 456 343 487 notatis
358 455 388 486 in
404 456 477 485 Exc.
493 455 615 483 Peiresc.
629 463 658 494 p.
674 456 725 483 77.
766 453 960 482 VAchex.

196 500 271 541 Pag.
286 503 336 530 82.
357 500 377 528 Ι.
391 501 419 527 2.
443 498 511 530 Τοὺς
535 495 560 526 δὲ
586 495 772 531 amnem,
798 493 873 536 &c.]
905 493 1011 525 Credo
1035 492 1076 524 ob
1100 493 1206 524 oculos
1235 493 1306 526 haec

151 544 284 573 Arriano
299 541 389 572 fuisse
401 540 439 570 de
454 539 585 581 piscium
602 538 685 580 apud
701 537 794 568 Indos
808 544 937 578 captura
952 536 1050 567 Indic.
1067 537 1104 568 C·
1121 541 1162 568 29
1187 548 1217 579 p.
1233 541 1307 568 844.

151 586 208 616 ὑπὸ
222 585 296 625 ἡλίῳ
310 584 478 618 &vaivoun-33,
495 581 554 613 εἶτ’
570 582 604 612 ἂν
619 581 825 621 Malva-Aion,
839 581 1050 614 καταλοῦντες·
1074 578 1128 610 ubi
1143 580 1223 610 mira
1239 580 1308 612 Cel.

150 627 211 658 viri
225 626 258 658 in
273 626 438 668 participio
454 625 512 655 isto
537 624 711 655 fluctuatio.
752 624 951 657 Ἀττελάέαυς
981 623 1073 654 Arch.
1091 630 1122 653 et
1141 626 1174 654 V
1172 626 1226 653 ind.
1248 623 1307 654 ha·

148 669 204 700 bet
220 671 354 700 Eustath.
369 669 399 699 in
416 670 535 711 Dionys.
550 679 578 698 v.
594 672 677 703 2209„
690 666 842 707 novitque
859 667 989 696 Graecus
1004 667 1140 696 Nahami
1152 666 1308 708 interpres

145 714 188 744 C,
205 723 258 749 111,
278 716 325 744 17.
368 712 498 742 Editum
514 712 602 741 lones
616 709 804 740 maluerunt.
852 710 971 739 Vallam
994 716 1100 739 autem
1115 709 1258 751 graviter
1273 710 1306 741 in

145 758 283 798 palmulis
299 755 349 786 hic
365 755 497 796 lapsum,
520 754 639 796 primus
654 752 775 794 adjuvit
800 753 839 782 P.
853 753 1018 794 Leopardus
1034 752 1157 782 Emend
1182 754 1221 783 L.
1242 763 1306 790 v11,

153 803 213 836 16.,
226 806 296 829 tum
322 800 428 828 Portus
451 798 596 827 Heraldus
612 803 643 826 et
659 797 698 826 L.
713 797 771 826 Bos
798 794 874 826 obs.
889 794 994 825 Critic.
1011 795 1048 826 C.
1063 796 1102 830 7.,
1118 795 1166 826 cui
1182 796 1305 837 optimo

149 842 219 872 viro
245 841 456 872 temeritatem
485 839 625 870 acerbius
649 837 871 880 exprobratam
895 836 1023 868 nollem.
1066 838 1178 869 Haeret
1203 838 1305 870 adhuc

150 884 256 915 animo
270 884 351 926 justa
365 883 431 924 ejus
454 883 492 913 de
508 881 703 923 malignitate
720 881 923 912 Gronoviana
939 879 1078 922 querela,
1091 889 1195 912 sancte
1211 889 1306 913 testa-

149 927 184 963 ti,
202 938 243 963 se,
260 937 331 958 cum
349 925 590 957 Observationes
604 924 773 966 digereret,
786 925 978 966 Leopardum,
992 931 1024 954 et
1039 934 1118 965 quos
1132 925 1304 962 nominavi,

149 970 292 1001 nondum
314 968 475 1000 lectitasse.
519 969 559 998 Et
584 968 660 1008 quid
686 967 710 997 si
736 977 846 997 eorum
862 966 999 1008 aliquem
1022 967 1218 1005 versavisset‚
1238 969 1307 1010 quis

150 1013 300 1044 continuo
315 1013 456 1042 omnium
472 1010 654 1041 recordatur
669 1009 679 1041 ?
704 1009 854 1040 Obsoleta
870 1009 937 1039 haec
953 1008 1092 1050 quidem,
1106 1010 1160 1041 sed
1183 1021 1306 1042 memo-

149 1056 203 1086 riae
219 1055 360 1097 praeclari
388 1053 592 1095 Praeceptoris
607 1052 723 1083 debita.
767 1053 850 1083 Mox
874 1053 921 1082 ἐπὶ
937 1053 1025 1092 γέλα
1042 1053 1247 1088 ἐπιπάσσοντες
1264 1065 1303 1086 ex

149 1098 272 1129 schedis
285 1108 347 1128 non
363 1096 426 1127 sine
442 1096 568 1127 consilio
586 1097 641 1127 Th.
657 1097 762 1126 Galeus
773 1095 911 1126 laudavit
924 1107 933 1133 3
956 1105 1028 1126 nam
1044 1094 1178 1132 locustis,
1188 1096 1219 1126 in
1234 1097 1306 1138 pul-

150 1151 259 1171 verem
275 1140 474 1176 comminutis,
487 1139 567 1170 bene
583 1138 728 1181 congruit
743 1139 922 1174 ἐπιτάσσειν,
936 1148 997 1168 non
1014 1137 1098 1169 lacti.
1141 1141 1242 1172 Erunt
1258 1148 1306 1172 ta-

148 1193 234 1220 men,
248 1184 301 1226 qui
317 1184 365 1214 ἐπὶ
379 1183 468 1223 γάλα
484 1183 642 1216 πάσσοντες
657 1180 866 1224 explicabunt.
910 1182 953 1210 W
958 1191 1024 1211 ess.

194 1227 270 1269 Pag.
285 1230 334 1258 89.
354 1227 373 1256 l.
388 1229 418 1256 5.
441 1227 494 1258 Τὴν
514 1223 630 1256 ἀσπίδα
645 1225 696 1255 καὶ
712 1225 746 1255 vc}
758 1223 884 1268 12322'1003]
907 1224 941 1254 ln
970 1225 1102 1256 Platonis
1116 1225 1202 1256 Tim.
1216 1236 1247 1268 p.
1261 1229 1305 1257 24

151 1269 186 1300 Β.
203 1269 376 1312 AEgyptius
400 1268 541 1299 sacerdos
563 1267 652 1310 genti
674 1277 737 1298 suae
761 1278 828 1308 prae
854 1266 1000 1297 omnibus
1012 1267 1160 1299 Asiaticis
1174 1268 1304 1300 ἀσπίδων

149 1314 202 1343 καὶ
216 1312 339 1356 δοράτων
354 1321 445 1342 usum
460 1319 491 1342 et
517 1310 674 1352 originem
699 1310 846 1346 vindicat,
862 1309 995 1341 mirifica
1009 1311 1048 1341 de
1064 1309 1124 1341 illis
1139 1313 1304 1354 porphyrio

149 1364 182 1386 et
196 1356 351 1386 Iamblicho
366 1353 556 1395 nugantibus
569 1353 651 1395 apud
667 1354 801 1384 Proclum
817 1353 849 1383 in
866 1354 1046 1385 Comment.
1061 1364 1092 1395 p.
1106 1357 1156 1384 48.
1175 1375 1178 1378 Δ
1201 1357 1224 1385 F
1227 1354 1304 1386 abu-

149 1397 213 1430 lam
228 1399 268 1430 de
294 1398 454 1429 Minervae
478 1396 633 1428 natalibus
654 1395 806 1438 spectavit
832 1397 996 1426 Pausanias
1021 1398 1060 1427 L.
1077 1400 1107 1435 1,
1122 1400 1169 1427 14.
1185 1399 1306 1430 Kubnio

149 1442 315 1473 monitore.
357 1440 453 1472 Adde
470 1441 602 1482 AEschyl.
616 1441 748 1470 Eumen.
761 1450 792 1470 v.
806 1442 879 1470 292-
924 1440 1039 1470 Wtss.

184 1486 268 1527 J’ag.
284 1488 334 1516 91.
349 1486 369 1514 Ι.
384 1488 413 1514 2.
427 1483 528 1526 “¹1‘ng
543 1485 668 1526 zgmoee‘ov
684 1481 738 1524 ἒόν]
760 1483 807 1512 Ex
822 1481 882 1512 illis
897 1481 950 1523 qui
965 1482 1004 1513 de
1027 1482 1162 1514 mirabili
1176 1482 1236 1515 hoc
1252 1495 1302 1516 so-

149 1526 187 1558 lis
200 1527 284 1570 apud
298 1526 488 1558 Ammonios
501 1526 587 1557 fonte
602 1532 735 1567 egerunt
751 1524 936 1556 Herodotea
949 1525 1028 1555 mihi
1043 1525 1191 1557 videntur
1206 1528 1304 1559 vesti·

147 1571 200 1612 gia
214 1571 338 1612 sequuti
354 1572 502 1601 Arrianus
515 1570 619 1599 ‘A.·’A.
636 1578 690 1604 111,
705 1579 730 1598 c.
745 1572 775 1598 4.
789 1569 904 1598 Curtius
921 1579 966 1604 1v,
982 1579 1008 1599 c.
1024 1573 1053 1600 7.
1067 1576 1099 1599 et
1115 1571 1219 1607 Mela,
1232 1582 1256 1607 1,
1271 1582 1299 1603 c.

148 1617 178 1644 8.
223 1614 325 1645 Unius
343 1614 438 1644 Curtii
452 1622 568 1655 ponam
580 1610 692 1642 verba:
718 1612 830 1641 Fontem
839 1624 941 1651 aquam
958 1612 1031 1642 Solis
1046 1620 1147 1643 vocant
1157 1627 1167 1643 :
1190 1615 1240 1644 sub
1255 1616 1300 1644 lu-

146 1659 186 1688 cis
200 1664 292 1688 ortum
304 1658 397 1699 tepida
411 1663 509 1686 manat
520 1669 531 1691 ,·
556 1657 641 1685 medio
653 1656 708 1691 die,
721 1667 804 1695 quum
819 1655 1070 1685 vehementissimus
1086 1663 1126 1685 est
1140 1658 1227 1693 calor,
1231 1659 1301 1698 fri-

142 1701 212 1742 glria
226 1700 414 1742 eademstuit;
442 1699 564 1740 (contra
580 1698 613 1728 τὸ
627 1695 699 1740 ὕῖωξ
711 1697 891 1740 μεσημὲξίας
906 1697 1030 1737 ’γίνεσθαι
1045 1699 1151 1742 θερμὴ,
1164 1699 1302 1730 tradide-

146 1749 198 1773 rat
213 1744 392 1779 Aristoteles,
411 1740 542 1773 testibus
564 1741 673 1771 Sotion:
698 1752 730 1772 σι’.
744 1739 808 1770 “rB.
834 1738 950 1783 Παξαδ.
963 1751 992 1782 p.
1011 1744 1079 1771 1225.
1102 1750 1133 1772 et
1160 1745 1303 1785 Antigono

150 1786 265 1828 Caryst.
279 1796 304 1816 c.
322 1784 403 1825 159.)
420 1786 550 1816 inclinato
564 1785 593 1814 in
615 1796 764 1826 vesperam
778 1784 900 1820 calescit,
911 1786 1001 1814 media
1011 1791 1085 1815 nocte
1091 1786 1211 1826 fervide
1225 1799 1299 1817 exae-

145 1835 224 1859 stuat
233 1843 245 1864 ;
269 1841 371 1871 quoque
389 1830 509 1870 propius
524 1840 579 1858 nox
595 1829 690 1869 vergit
703 1829 742 1857 ad
762 1828 860 1864 lucem,
878 1828 996 1858 multum
1010 1840 1044 1857 tx
1065 1835 1196 1859 nocturno
1210 1831 1300 1860 calore

144 1873 275 1902 decrescit
286 1887 296 1907 ,·
320 1874 398 1901 donec
416 1871 466 1901 sub
480 1873 571 1912 ipfflm
585 1873 639 1901 diei
653 1877 742 1900 ortum
757 1871 867 1901 adsueto
880 1877 1002 1912 tempore
1013 1872 1184 1913 languescat·
1229 1871 1299 1904 Sin-
1313 1893 1325 1898 —

147 1913 223 1956 gula
237 1925 311 1945 cum
326 1913 516 1945 Herodoteis
530 1913 702 1954 comparati
717 1920 876 1954 poterunt.
918 1914 1110 1944 VALcKEN.

190 1959 266 2000 Pag.
284 1960 351 1988 105.
366 1959 385 1987 Ι.
401 1961 430 1988 7.
458 1957 562 1990 Θὲιτες
578 1957 657 1987 αὐτὰ
680 1955 796 1998 emm]
818 1955 969 1988 Nondum
985 1956 1154 1988 exolevisse
1168 1969 1297 2000 permu-

147 2000 314 2030 tandarum
339 1999 418 2031 hanc
443 1999 595 2029 mercium
623 1999 654 2029 in
678 1998 826 2029 interiore
850 1997 961 2030 Africa
984 1999 1125 2041 Nigritas
1153 2001 1236 2032 inter
1264 2009 1298 2035 et

148 2044 282 2074 Mauros
296 2043 564 2076 consuetudinem,
586 2041 762 2072 luculentus
783 2042 868 2072 testis
883 2042 978 2073 Shaw
993 2042 1064 2073 ltin.
1081 2045 1120 2074 T.
1140 2047 1164 2074 l.
1181 2055 1209 2086 p.
1224 2049 1299 2078 393.

148 2085 258 2115 Valuit
282 2085 404 2121 eadem,
427 2084 572 2125 valetque
597 2085 628 2115 in
655 2083 797 2126 pluribus
819 2085 985 2126 utriusque
1003 2085 1095 2117 Indiae
1121 2087 1300 2119 nationibus

146 2128 231 2170 apud
245 2127 480 2169 amplissimum.
506 2129 585 2169 Orig.
611 2130 731 2170 Legum,
753 2129 825 2160 Art.
846 2135 871 2159 ct
889 2128 1039 2159 Scientiar.
1056 2121 1242 2174 sctis-iorem
1255 2133 1299 2163 T.

154 2173 220 2202 LI.
249 2181 294 2207 ιν,
312 2174 336 2200 l.
352 2181 382 2212 p.
397 2175 468 2203 2255.
498 2172 612 2202 u'zse.

189 2215 290 2246 Tomi.
305 2215 358 2245 IV.
956 2214 974 2244 S
