1544 2584
403 480 593 522 NOTAE
625 478 693 544 IN
725 477 959 520 LIBRUM
992 478 1077 520 IV.

165 877 240 916 Pag.
267 878 292 905 1.
311 876 331 905 Ι.
352 878 378 905 1.
402 876 455 909 Τῆς
479 873 504 906 δὲ
532 877 674 910 Σκυθικῆς
697 876 764 915 γῆς,
790 873 867 916 &c.]
891 875 974 906 Cum
997 876 1121 906 Auctor
1145 874 1211 907 haec
1235 887 1307 907 con-

162 925 369 954 mentaretur‚
390 918 504 959 pictam
521 918 654 959 Scythiae
669 926 701 948 et
712 917 912 949 Thraciae-ob
936 917 1040 948 oculos
1056 918 1194 949 tabulam
1209 918 1310 950 habu·

162 960 198 997 it,
211 961 299 1001 cujus
312 971 330 991 e
345 960 572 991 mediterraneo
588 968 689 992 tractu
714 960 835 1002 lapsum
852 959 920 991 [stri
946 968 1040 1001 atque
1055 961 1133 991 ostia
1147 963 1309 1002 spectavit.

164 1004 320 1034 Θάλασσα
336 1005 454 1034 Pontus
476 1010 533 1039 est,
548 1012 713 1045 utramque
728 1003 758 1033 in
783 1003 945 1045 regionem
973 1013 1036 1033 sese
1051 1003 1224 1035 insinuans:
1248 1002 1309 1036 hoe

161 1046 277 1077 κὸλπου
290 1046 431 1085 ἀγομένου
446 1048 496 1080 τῆς
523 1047 578 1085 γῖὶς
593 1046 714 1080 ταύτης.
757 1047 851 1082 Nam,
874 1045 959 1087 quod
982 1046 1031 1076 vir
1055 1046 1165 1077 maluit
1192 1047 1312 1085 doctus,

162 1089 277 1119 κόλπου
291 1089 421 1129 ἀναμένω
435 1090 486 1122 τῆς
511 1091 657 1123 θαλάσσης
684 1088 806 1126 ταύτης,
818 1096 949 1130 superato
964 1091 1051 1119 maris
1066 1090 1147 1131 hujus
1169 1092 1241 1127 sinu,
1261 1091 1310 1121 ni-

163 1131 265 1162 mium
280 1130 345 1162 abit
365 1141 383 1161 a
397 1130 517 1172 scriptis
542 1132 653 1168 Codd„
667 1138 698 1162 et
723 1141 922 1173 progressum
948 1130 1078 1167 itineris,
1100 1142 1162 1174 quo
1177 1132 1216 1162 de
1231 1133 1309 1165 nihil

162 1173 226 1210 hic,
238 1173 328 1204 sistit.
348 1175 443 1204 Mare
455 1173 568 1215 ipsum,
583 1181 734 1216 quatenns
749 1174 883 1215 Scythiae
898 1181 929 1204 et
944 1173 1087 1204 Tauricae
1103 1185 1171 1205 oras
1183 1175 1309 1217 adsper-

162 1216 222 1257 git,
235 1215 320 1247 varie
335 1215 480 1257 adpellat,
499 1217 594 1247 modo
609 1217 640 1247 in
655 1217 793 1253 orientis,
816 1216 912 1246 modo
927 1216 1095 1247 occidentis
1108 1217 1232 1259 plagam
1249 1218 1309 1249 dif-

162 1259 276 1289 fusum.
319 1260 398 1300 Quae
415 1269 490 1289 vero
506 1259 651 1295 adnectit,
668 1261 701 1290 τὸ
715 1259 741 1290 δὲ
759 1260 942 1302 ἀτό”1στςυυ
1053 1259 1214 1301 dispuncta
1229 1260 1308 1292 bene

161 1312 225 1332 non
241 1308 329 1332 sunt:
354 1300 486 1332 voluisse
501 1310 587 1343 puto,
612 1303 645 1333 «rei
668 1301 695 1333 δὲ
710 1303 770 1333 ἀπὸ
788 1303 903 1345 ’Ἵστρον
928 1304 991 1345 {gx-
1016 1302 1169 1341 σημανέων·
1193 1304 1226 1334 τὸ
1241 1305 1308 1347 πξδς

163 1345 314 1376 θάλασσαν
329 1345 420 1378 aim-37⁴5
437 1346 487 1378 τῆς
512 1347 652 1380 Σκυθικῆς
768 1346 792 1379 ἒς
807 1345 865 1384 μέτ
883 1357 940 1378 nemu
955 1346 1015 1375 cim}
1025 1346 1148 1388 ’Ἴστρων
1163 1345 1241 1380 αὕτη
1257 1346 1308 1380 ἤδη

250 1411 257 1417 .
300 1388 364 1418 Res
378 1386 513 1428 postulat
528 1389 682 1428 Aldusque
697 1398 769 1417 cum
784 1387 854 1417 sche
879 1388 902 1417 is
918 1389 1088 1418 Parissinis.
1131 1388 1225 1419 Plura
1239 1400 1309 1420 mo-

162 1430 231 1460 veri
247 1440 309 1460 non
324 1432 435 1471 patior,
463 1437 570 1461 nactus
591 1430 847 1472 adstipulatorem
863 1432 902 1460 V.
919 1431 955 1461 C.
973 1431 1056 1460 Corn.
1069 1433 1100 1461 de
1115 1432 1207 1462 Paw.
1230 1433 1309 1463 Cer-

163 1480 195 1503 te
219 1473 286 1515 πρὸς
301 1472 479 1519 μεσαμξςίπν
494 1485 525 1503 τε
541 1474 592 1503 καὶ
608 1474 690 1508 νὸτον,
707 1473 732 1502 si
748 1482 953 1514 spectatorem
969 1473 1103 1515 regionis
1119 1484 1156 1504 ex
1173 1474 1307 1515 Scythiae

163 1516 401 1546 mediterraneae
416 1514 529 1545 finibus
543 1515 771 1551 detrectaveris,
789 1514 976 1545 aberrabunt
999 1515 1211 1547 vehementer.
1252 1517 1308 1548 Ab

164 1559 243 1588 Istro
259 1558 342 1588 enim
358 1568 463 1587 versus
489 1558 715 1599 Borysthenem
731 1566 762 1588 et
789 1558 961 1589 Carcinitin
986 1558 1097 1588 urbem
1123 1560 1307 1600 septemtrio

163 1600 305 1631 tendenti
327 1600 461 1641 objacet,
484 1611 546 1630 non
569 1608 681 1631 auster.
725 1603 840 1632 Wess.
862 1601 944 1631 Vide
968 1601 1111 1631 Rennel’s
1127 1602 1310 1645 Geograph.

162 1643 285 1675 Herod.
303 1654 373 1684 pag.
387 1647 437 1673 46.
454 1643 512 1674 &c.

208 1688 282 1727 Pag.
298 1690 326 1716 7.
340 1688 358 1716 l.
376 1690 423 1716 16.
448 1687 557 1726 Koe‘rdb'
584 1687 723 1725 εὐξάμενοι
746 1687 866 1726 ῥοπάλῳ
893 1685 1023 1728 παίουσι]
1046 1687 1163 1717 Nostro
1185 1686 1253 1717 loco
1269 1687 1307 1718 de

164 1728 286 1769 Scythis
310 1728 434 1763 Tauris,
453 1737 507 1769 pro
530 1732 653 1759 victimis
679 1731 800 1758 advenas
826 1731 924 1758 caederc
950 1729 1056 1766 solitis,
1080 1737 1114 1760 ut
1140 1730 1181 1760 ait
1209 1732 1310 1766 Mela,

161 1771 322 1812 scripserat
336 1771 445 1813 procul
460 1771 554 1801 dubio
572 1772 678 1802 Herod.
688 1773 751 1806 τοὺς
765 1771 800 1801 ἰὶν
815 1772 926 1802 λάὲωσι
939 1773 1085 1804 Ἑλλήνων
1194 1787 1308 1816 καταξ-

162 1816 273 1854 {dmm
287 1815 406 1855 ῥοπάλῳ
422 1814 537 1845 παίουσι
553 1815 602 1848 τὴν
617 1815 756 1855 κεφαλήν·
772 1816 911 1856 auspicati
930 1815 1017 1845 velut
1031 1815 1210 1852 vectimam,
1223 1818 1307 1846 clava

162 1863 247 1899 caput
257 1861 419 1898 percutiunt
429 1871 438 1892 ‚-
464 1867 525 1887 non
542 1865 576 1887 ut
593 1857 716 1888 Graeci:
742 1857 795 1898 qui
811 1856 912 1887 cultro
925 1857 1085 1888 victimam
1100 1857 1306 1889 immolationi

165 1899 378 1940 designabant.
422 1900 506 1929 Huic
523 1898 724 1930 adfirmandae
739 1899 866 1930 lectioni
881 1899 1010 1930 sufficiet
1033 1899 1085 1930 vel
1099 1901 1207 1931 unicus
1222 1900 1306 1932 locus

163 1943 269 1983 Eurip.
292 1942 392 1984 lphig.
406 1942 435 1972 in
451 1943 548 1972 Taur.
567 1954 598 1979 v,
615 1946 625 1972 l
637 1945 717 1979 154„
728 1954 790 1983 quo
804 1943 984 1973 Taurorum
1007 1945 1076 1974 Rex
1090 1943 1198 1974 Thoas
1212 1944 1310 1974 comi-

164 1992 211 2015 tes
226 1985 398 2025 interrogat
414 1985 583 2026 Iphigeniae
599 1986 774 2021 sacerdotis,
788 1993 881 2015 utrum
897 1989 1019 2028 illajam
1036 1987 1090 2016 τᾶν
1105 1987 1182 2024 ξένων
1197 1988 1308 2029 κατήρ-

164 2029 247 2066 ξατο,
260 2028 376 2068 hospites
385 2030 423 2057 sit
437 2031 593 2069 auspicata.
636 2029 669 2058 ln
686 2030 871 2060 Graecorum
887 2030 976 2059 saeris
990 2029 1222 2059 usitatissimum
1238 2040 1308 2060 ver-

164 2069 242 2100 bum
257 2069 296 2100 de
311 2070 414 2100 Indica
428 2079 521 2111 gente
538 2072 634 2101 lVicol.
648 2071 736 2111 ponit
751 2073 886 2102 Damasc.
902 2073 1014 2102 Scobaei
1029 2083 1057 2112 p.
1077 2075 1144 2103 105.
1249 2073 1309 2103 Sed

166 2112 335 2143 secundum
352 2113 488 2143 Herodrsti
502 2114 624 2143 Tauros
638 2124 700 2144 non
716 2114 867 2155 Scythicae
883 2115 944 2145 fuit
970 2114 1129 2155 iphigenia
1143 2114 1308 2146 crudelita-

165 2155 206 2186 tis
219 2155 370 2191 ministra,
383 2166 493 2185 verum
517 2156 581 2197 ipsa
605 2157 684 2192 Dea,
698 2157 747 2186 cui
774 2159 901 2188 Graecos
925 2157 1123 2188 immolarent
1147 2157 1285 2199 hospites
1299 2170 1305 2188 τ

166 2200 217 2232 τὴν
231 2196 257 2228 δὲ
272 2196 391 2237 δαῖμονα
405 2198 525 2234 ταύτην,
550 2201 587 2240 τῇ
602 2199 702 2234 θύουσι,
725 2200 842 2240 λέγουσι
866 2202 948 2231 αὐτοὶ
965 2201 1026 2230 Ταῦ
1043 2213 1064 2230 οι
1078 2201 1242 2241 Ἰφιγένειαν
1258 2201 1309 2234 τὴν

162 2241 373 2283 Ἀγαμέμνονος
396 2240 472 2272 εἶναι·
499 2242 638 2274 Hesiodus
661 2242 693 2272 in
722 2243 935 2274 Heroinarum
954 2250 1022 2274 cata
1035 2253 1097 2285 ogo
1112 2253 1174 2274 non
1189 2250 1308 2274 macta—
