1544 2584
474 186 607 214 NoTAE
630 185 677 213 111
698 185 870 213 LIBRUM
901 184 946 213 V.
1223 185 1308 218 277

149 295 269 335 tragicis
284 299 355 322 ante
370 290 524 332 Thespim
539 289 693 320 Adrastus
707 289 839 330 Sicyone
855 288 1002 319 honorari
1017 289 1133 331 potuit.
1174 291 1308 322 Cetero—

152 332 207 378 qui
222 335 364 376 Thespis,
381 333 566 372 tragoediam
581 332 717 363 Athenis
731 332 845 362 docens
860 331 988 373 Olymp.
1006 343 1085 368 mu„
1098 342 1159 362 una
1175 344 1308 374 genera-

154 380 240 410 tione
256 377 417 409 Clistliene
432 385 565 418 tyranno
579 375 683 416 junior
698 383 752 406 est.
797 375 866 405 Dici
882 382 997 416 posset,
1019 383 1091 406 ante
1105 385 1174 405 eam
1192 377 1308 417 Olym..

152 421 288 464 piadem‚
305 431 367 462 qua
383 422 509 450 Alcestin
524 418 662 449 fabulam
678 418 836 460 produxit,
850 418 923 448 alias
938 418 1080 449 recitasse
1095 429 1132 449 ex
1149 420 1308 451 Plutarcho

152 473 185 496 et
200 467 322 506 Diogene
332 465 436 494 Lab'rt.
451 461 574 492 difficile
586 468 690 492 tamen
704 461 742 491 ad
758 461 962 497 credendum,
974 464 1095 503 tragicos
1108 463 1215 499 choros,
1229 473 1310 503 quo-

151 517 224 538 rum
241 507 272 537 in
287 505 416 537 Adrasti
431 505 517 536 cultu
532 513 622 535 vetus
636 511 707 534 ante
729 511 899 546 tyrannum
914 514 996 540 usus,
1010 515 1047 534 ex
1061 504 1186 546 juvenis
1200 507 1306 547 poe'tae

152 549 225 581 rudi
248 549 375 580 invento
400 548 563 589 Sicyonem
591 547 739 588 migrasse
762 554 827 578 tam
843 546 914 578 cito.
958 548 1059 578 Immo
1074 557 1161 580 vero,
1176 548 1199 577 si
1226 548 1308 580 fallit

155 594 188 624 T
183 594 305 623 hemistii
320 591 406 627 fides,
423 591 500 622 citra
525 589 683 632 prolepsin
709 590 866 631 quandam
892 589 969 620 salvi
996 601 1058 620 non
1085 590 1257 622 manebunt
1273 591 1308 622 hi

153 636 242 672 chori,
253 645 402 676 quorsum
417 633 544 665 inclinat
568 635 606 664 R.
622 635 745 664 Bentleii
758 633 888 664 Dissert.
915 633 954 664 de
971 633 1093 664 Phalar.
1118 635 1177 676 Ep.
1191 644 1222 676 p.
1236 638 1308 666 293.

153 677 276 709 erudita
291 677 465 718 explicatio.
509 678 626 707 WEss.

199 723 275 763 Pag.
290 723 395 751 20:3.l.
411 724 439 751 7.
464 721 522 750 Τῶν
539 717 720 761 Τυνδαριδέων
736 719 782 750 τὸν
797 717 901 762 ἕτερον]
925 720 1104 750 Palmerium
1118 719 1217 751 miror
1230 722 1309 763 igno·

154 776 224 795 rare
239 775 270 794 se
282 771 401 805 prorsus
415 762 579 799 fatentem,
592 765 641 804 qui
653 763 772 803 fuerint
796 764 846 792 isti
863 763 1005 804 Ίῖγηιίανεί
1017 777 1027 798 ,·
1053 764 1199 795 Castores
1223 764 1306 794 enim

155 808 330 843 Palmerius‚
345 806 408 837 sive
423 806 638 847 Therapnaeos
654 806 842 847 Tyndaridas,
856 805 880 835 si
895 804 964 846 quis
974 804 1062 843 alius,
1072 805 1207 837 habebat
1224 814 1309 838 certe

155 849 339 880 notissimos.
377 851 500 879 Fratres
514 849 574 885 isti,
588 848 702 879 eximia
717 850 836 890 Spartae
847 846 1004 889 'religione
1020 848 1106 885 culti,
1117 849 1148 879 in
1165 860 1309 880 sermone

156 903 281 934 quoque
305 891 486 933 quotidiano
512 891 587 922 dicti
612 892 653 922 ’τὼ
679 892 748 927 Σιὼ,
773 891 846 932 quia
867 891 1036 922 concordes
1050 901 1269 933 regnaverant,
1291 904 1309 922 a

157 935 299 977 Regibus
313 935 352 965 ad
367 934 486 965 bellum
500 934 593 965 simul
607 933 802 970 exeuntibus,
816 942 850 965 ut
865 932 1010 971 arbitror,
1025 934 1099 965 boni
1111 935 1223 965 ominis
1236 947 1309 977 gra-

155 977 211 1013 tia,
225 986 255 1008 et
271 978 358 1008 velut
374 977 571 1008 auxiliatores
593 977 760 1008 solenniter
774 977 904 1007 evocati.
924 976 1013 1007 binos
1029 979 1234 1019 Imperatores
1257 990 1310 1009 co-

155 1020 262 1051 mitari
278 1020 484 1051 credebantur
497 1033 503 1050 :
531 1022 661 1062 Σωτῆρες
676 1019 792 1061 [birth]
807 1021 932 1061 κᾳγαέοὶ
956 1022 1162 1063 παρασταίη-αι,
1176 1032 1191 1050 a
1207 1023 1310 1053 nescio
1326 1034 1329 1037 ·

156 1074 220 1105 quo
235 1064 374 1105 Tragico
397 1063 472 1094 dicti
496 1074 545 1104 ap·
563 1065 680 1093 AElian.
695 1065 735 1093 V.
751 1064 794 1093 H.
810 1073 832 1099 1,
849 1074 873 1093 c.
886 1067 937 1093 30.
981 1064 1096 1106 Hem-osi
1117 1065 1177 1106 γὰρ
1192 1063 1235 1100 δὴ,
1261 1065 1308 1095 in-

155 1107 225 1147 quit
242 1108 354 1137 Herod.
366 1108 417 1136 κοιὶ
431 1105 506 1137 οὗτοι
520 1106 675 1149 ἀμφότεροι
690 1106 850 1139 ἐπίκλητοί
860 1113 909 1145 σφι
924 1107 1016 1140 {eim-23·
1026 1107 1144 1137 εἵποντο.
1182 1109 1310 1149 Regum

157 1150 387 1190 Imperatorum
415 1149 581 1179 concordia
603 1149 767 1179 Demarati
791 1149 958 1179 secessione
983 1149 1107 1185 violata,
1131 1150 1210 1180 hanc
1227 1151 1310 1181 tule-

162 1201 236 1222 runt
262 1192 364 1233 legem
390 1191 562 1233 Spartiatae,
577 1199 611 1222 ut
627 1192 658 1222 in
674 1200 834 1233 posterum
850 1191 929 1222 alter
944 1199 1066 1222 tantum
1092 1194 1219 1234 Regum
1235 1194 1313 1224 edu.

157 1243 242 1266 ceret
255 1235 426 1266 exercitum
441 1247 449 1272 ;
471 1234 560 1264 alteri
576 1242 681 1265 autem
704 1234 798 1275 Regi,
813 1234 866 1275 qui
882 1234 968 1265 domi
984 1245 1135 1273 maneret,
1149 1237 1310 1277 Tyndari-

157 1278 270 1308 darum
284 1278 380 1308 etiam
395 1277 474 1308 alter
489 1277 587 1307 veluti
602 1285 703 1308 custos
718 1277 949 1318 relinqueretur
964 1285 995 1308 et
1019 1278 1171 1309 tutelaris.
1213 1280 1308 1310 Alte-

158 1331 228 1351 ram
245 1320 322 1362 legis
337 1328 458 1362 partem
477 1321 598 1362 Cragius
613 1320 685 1351 hinc
700 1319 805 1361 attigit
821 1321 860 1350 de
872 1321 951 1361 Rep.
965 1323 1042 1352 Lac.
1056 1332 1102 1358 ιν,
1116 1333 1141 1352 c.
1155 1326 1184 1352 4.
1220 1323 1310 1364 Tyn-

156 1363 281 1394 daridas
298 1365 419 1405 Cragius
435 1370 466 1393 et
493 1365 646 1393 Meursius
670 1374 728 1393 suo
754 1362 822 1393 loco
846 1362 1047 1404 reliquerunt.
1093 1366 1139 1395 Ut
1166 1365 1249 1401 alibi,
1262 1367 1308 1397 sic

157 1406 318 1448 Spartanis
344 1406 439 1437 etiam
457 1407 602 1437 Castores
625 1405 844 1436 dimicantibus
859 1405 990 1436 adfuisse
1007 1407 1214 1438 credebantur
1229 1409 1310 1440 salu-

157 1457 256 1480 tares:
281 1451 433 1491 affuturos
453 1450 648 1490 proeliantibus
667 1452 812 1490 persuasit
839 1449 1064 1486 Archidamus,
1088 1452 1216 1481 Frontin.
1242 1463 1266 1486 Ι,
1285 1464 1311 1483 c.

159 1503 210 1527 XI,
224 1497 253 1524 9.
297 1494 422 1534 Polyaen.
451 1495 479 1529 l,
493 1503 517 1523 c.
533 1496 585 1528 41,
610 1495 647 1529 1.,
661 1493 696 1525 ὣς
712 1493 737 1522 οἱ
760 1492 918 1534 Anba-nouem
944 1494 1189 1534 συμμαχήσοντες
1206 1495 1308 1528 ἥκοιεν·

158 1535 243 1577 apud
257 1535 404 1565 eumdem
421 1545 460 1570 11,
474 1538 566 1572 c.-81‚
579 1538 609 1564 4.
650 1534 884 1565 Lacedaemonii
899 1534 956 1565 sibi
971 1537 1157 1577 persuadent
1174 1540 1310 1569 Διοσκού-

159 1593 211 1620 ρων
226 1578 389 1618 ἐπιφάνειαν
403 1578 559 1618 ’γεγονέναν
582 1577 684 1607 vicina
699 1578 828 1619 corrigit
855 1579 1019 1609 Hemsterh.
1034 1579 1065 1609 in
1086 1579 1139 1610 illa
1154 1579 1311 1612 luculenta

161 1622 200 1652 de
218 1620 399 1652 Castoribus
424 1621 623 1651 adnotatione
648 1620 687 1650 ad
710 1623 832 1651 Lucian.
856 1631 886 1662 p.
902 1624 973 1652 284.
994 1622 1092 1663 Apud
1110 1624 1220 1653 Herod·
1238 1636 1268 1661 v,
1285 1636 1311 1655 c.

162 1669 224 1701 80„
244 1664 406 1694 auxiliares
420 1663 597 1706 petentibus
610 1663 770 1694 Thebanis
795 1674 863 1694 suos
877 1663 987 1694 heroas
1008 1665 1179 1706 AEginetae,
1195 1668 1311 1698 {exmov-

160 1708 219 1750 ρίην
235 1708 298 1741 τοὺς
314 1705 456 1740 Αἰακίδαις
471 1707 655 1746 συμπέμπειν
669 1706 790 1746 ἔφασαν,
804 1717 938 1748 quorum
953 1707 1102 1738 auxilium
1117 1709 1311 1741 imbecillum

162 1750 282 1792 experti
297 1749 441 1781 Thebani
458 1751 520 1783 τοὺς
535 1751 585 1789 μὲν
600 1749 744 1784 Αἰακίδας
759 1758 808 1790 σφι
831 1748 1013 1786 ἀπεδίδοσαν,
1028 1752 1083 1781 τῶν
1098 1750 1124 1782 δὲ
1140 1751 1240 1796 ἀνῧξῦν
1256 1753 1312 1785 ἐὖέ-

162 1807 234 1825 οντο·
259 1792 297 1822 ad
320 1792 413 1823 istum
436 1792 551 1829 locum,
566 1794 677 1823 Justini
691 1793 835 1834 quaedam
851 1792 965 1823 excitat
981 1793 1063 1824 Clar.
1081 1795 1205 1826 Gronov.
1220 1807 1256 1827 ex
1272 1799 1311 1828 L.

165 1847 253 1871 xxii,
271 1847 295 1866 c.
311 1839 330 1866 2
355 1846 422 1876 quae
438 1835 498 1866 huc
514 1835 564 1866 vel
579 1835 610 1866 in
625 1836 734 1877 primis
744 1836 911 1877 pertinent.
955 1838 1146 1867 VALCKEN.

207 1881 282 1920 Pag.
297 1882 368 1909 221.
385 1881 404 1909 Ι.
419 1883 447 1908 3.
470 1885 531 1919 Νοῳ
545 1879 693 1915 λαξόντες,
708 1879 743 1912 ὡς
758 1879 893 1922 ἐλεύθεξον
906 1880 956 1918 μὲν
972 1879 1025 1921 Ebu]
1041 1882 1157 1911 Veram
1169 1880 1219 1912 hic
1235 1893 1312 1924 pan·

162 1921 209 1953 dit
223 1921 388 1952 historicus
414 1932 547 1957 causam,
572 1932 641 1962 quae
667 1922 925 1953 Lacedaemonios
938 1930 1099 1960 moveret3
1122 1926 1311 1965 praecedenti

165 1965 266 2006 capite
282 1972 404 1995 narrata
419 1964 496 1995 nihil
519 1972 607 1995 erant
634 1964 718 1994 aliud
743 1964 802 1995 nisi
824 1965 948 2006 species
971 1975 1064 2005 quam
1081 1977 1142 1997 suae
1159 1976 1312 2008 pra-'texe-

163 2007 241 2038 bant
257 2007 438 2037 dominandi
463 2006 582 2038 libidini
598 2008 685 2038 velut
712 2018 834 2038 causam
857 2007 1085 2038 honestiorem:
1112 2009 1190 2041 hanc
1206 2011 1311 2053 itaque

164 2050 260 2080 solam
278 2050 308 2080 in
332 2050 486 2080 sociorum
513 2058 669 2081 conventu
696 2058 954 2081 commemorant.
1000 2052 1072 2082 Non
1088 2053 1237 2084 debuerat
1254 2055 1312 2085 ita-

165 2103 226 2134 que
243 2094 417 2123 Plutarchus
443 2103 481 2123 11.
495 2104 523 2134 p.
539 2097 610 2124 860.
624 2095 665 2124 ·F.
689 2093 761 2123 hinc
777 2093 870 2124 etium
887 2093 1078 2124 occasionem
1095 2105 1230 2136 captasse
1246 2099 1312 2128 He-

163 2139 286 2167 rodotum
302 2135 494 2171 criminand1,
509 2137 560 2177 qui
576 2135 691 2167 scilicet
709 2136 846 2167 dicentes
861 2136 990 2172 fecisset,
1007 2137 1050 2167 ἔτι
1067 2138 1222 2170 κ.ζδὴλοισι
1237 2155 1312 2180 μαι.-

163 2180 280 2212 τπΐοισιν
296 2179 458 2221 ἐπαρθέντες
485 2180 584 2219 ἄνδρας
601 2180 686 2218 ξένους
713 2180 794 2213 ὄντας
811 2180 933 2216 αὐτοῖσι,
947 2182 998 2210 καὶ
1014 2181 1225 2222 ὑποσχομένους
1243 2185 1313 2214 ὑπο-

163 2222 275 2265 χειρίις
293 2223 420 2264 παρέξειν
434 2223 489 2257 τὰς
515 2219 629 2258 Ἀθήνας
655 2224 807 2262 ἒξήλασων,
834 2222 912 2264 [τοὺς
939 2225 1096 2266 τυράννους·
1119 2225 1173 2256 has
1189 2237 1280 2258 voces
1295 2238 1314 2259 e
